@misc{cir-slides,
    title = "Slides of the PoliMi course {``}Control of industirial robots{''}",
    author = "Paolo Rocco",
    howpublished = "\url{https://rocco.faculty.polimi.it/cir/index.html}",
    year = "2020"
}

@book{ssvo-robotics,
    title = "Robotica",
    subtitle = "Modellistica, pianificazione e controllo",
    author = "Bruno Siciliano and Lorenzo Sciavicco and Luigi Villani and Giuseppe Oriolo",
    publisher = "McGraw-Hill Education",
    year = "2008",
    language = "it",
    isbn = "978-88-386-6322-2",
    edition = "3",
    series = "College"
}